<?xml version="1.0" encoding="UTF-8"?><collection xmlns="http://www.loc.gov/MARC21/slim"><record><leader>00353nam--2200133-i-4500</leader><controlfield tag="001">000013755</controlfield><controlfield tag="002">20161230</controlfield><controlfield tag="005">20161230201030</controlfield><controlfield tag="008">060222s1000------------r-----000-0-eng-d</controlfield><datafield ind1=" " ind2=" " tag="080"><subfield code="a">550.34 (914)</subfield></datafield><datafield ind1=" " ind2=" " tag="100"><subfield code="a">Coronas, Jose P</subfield></datafield><datafield ind1=" " ind2=" " tag="245"><subfield code="a">La actividad seismica en el archipielago filipino durante el ano 1897</subfield></datafield><datafield ind1=" " ind2=" " tag="260"><subfield code="a">Manila, 1899 134 P</subfield></datafield><datafield ind1=" " ind2=" " tag="852"><subfield code="a">47495</subfield></datafield></record></collection>